@inproceedings{yamada2003statistical,
  title={Statistical dependency analysis with support vector machines},
  author={Yamada, Hiroyasu and Matsumoto, Yuji},
  booktitle={Proceedings of IWPT},
  volume={3},
  year={2003}
}
@book{hastie2009elements,
  title={The elements of statistical learning},
  author={Hastie, Trevor and Tibshirani, Robert and Friedman, Jerome and Hastie, T and Friedman, J and Tibshirani, R},
  volume={2},
  number={1},
  year={2009},
  publisher={Springer}
}
@article{crammer2002algorithmic,
  title={On the algorithmic implementation of multiclass kernel-based vector machines},
  author={Crammer, Koby and Singer, Yoram},
  journal={The Journal of Machine Learning Research},
  volume={2},
  pages={265--292},
  year={2002},
  publisher={JMLR. org}
}
